
@article{liu_l2_2008,
	title = {L2 stability analysis of the central discontinuous Galerkin method and a comparison between the central and regular discontinuous Galerkin methods},
	volume = {42},
	pages = {593--607},
	journaltitle = {{ESAIM}: Mathematical Modelling and Numerical Analysis},
	shortjournal = {ESAIM Math. Model. Numer. Anal.},
	author = {Liu, Yingjie and Shu, Chi-Wang and Tadmor, Eitan and Zhang, Mengping},
	date = {2008-07},
}


@article{liu_optimal_2018,
	title = {Optimal error estimates of the semidiscrete central discontinuous Galerkin methods for linear hyperbolic equations},
	volume = {56},
	pages = {520--541},
	journaltitle = {{SIAM} Journal on Numerical Analysis},
	shortjournal = {{SIAM} J. Numer. Anal.},
	author = {Liu, Yong and Shu, Chi-Wang and Zhang, Mengping},
	date = {2018-01},
}