@book{book1,
	title = {高等代数（第三版）上册},
	publisher = {高等教育出版社},
	author = {丘维生},
	date = {2019-11-01},
   address = {北京},
}

